
@ARTICLE{Felsenstein1981-zs,
title = "Evolutionary trees from {DNA} sequences: a maximum likelihood approach",
author = "Felsenstein, J",
journal = "J. Mol. Evol.",
publisher = "Springer",
volume =  17,
number =  6,
pages = "368--376",
year =  1981,
url = "http://www.ncbi.nlm.nih.gov/pubmed/7288891",
issn = "0022-2844",
pmid = "7288891"
}

@software{pandas-software,
    author       = {The pandas development team},
    title        = {pandas-dev/pandas: Pandas},
    month        = feb,
    year         = 2020,
    publisher    = {Zenodo},
    version      = {latest},
    doi          = {10.5281/zenodo.3509134},
    url          = {https://doi.org/10.5281/zenodo.3509134}
}

@InProceedings{ mckinney-pandas,
  author    = { {W}es {M}c{K}inney },
  title     = { {D}ata {S}tructures for {S}tatistical {C}omputing in {P}ython },
  booktitle = { {P}roceedings of the 9th {P}ython in {S}cience {C}onference },
  pages     = { 56 - 61 },
  year      = { 2010 },
  editor    = { {S}t\'efan van der {W}alt and {J}arrod {M}illman },
  doi       = { 10.25080/Majora-92bf1922-00a }
}
